<record><leader>00000cas a2200000 a 4500</leader><controlfield tag="001">9422914</controlfield><controlfield tag="008">830418d18811946sduwr n       0    0eng d</controlfield><datafield ind1=" " ind2=" " tag="010"><subfield code="a">sn 83025386 </subfield></datafield><datafield ind1=" " ind2=" " tag="040"><subfield code="a">NPV</subfield><subfield code="b">eng</subfield><subfield code="c">NPV</subfield><subfield code="d">NPI</subfield><subfield code="d">DLC</subfield><subfield code="d">CVF</subfield><subfield code="d">SXN</subfield><subfield code="d">OCLCQ</subfield><subfield code="d">OCLCF</subfield><subfield code="d">OCLCO</subfield></datafield><datafield ind1="1" ind2=" " tag="029"><subfield code="a">AU@</subfield><subfield code="b">000020265384</subfield></datafield><datafield ind1=" " ind2=" " tag="042"><subfield code="a">msc</subfield></datafield><datafield ind1=" " ind2=" " tag="043"><subfield code="a">n-us-sd</subfield></datafield><datafield ind1="0" ind2="4" tag="082"><subfield code="a">978.6832</subfield><subfield code="2">20</subfield></datafield><datafield ind1="0" ind2="0" tag="245"><subfield code="a">Lake County leader.</subfield></datafield><datafield ind1=" " ind2=" " tag="260"><subfield code="a">Madison, Lake County, Dakota [S.D.] :</subfield><subfield code="b">F.C. Stowe</subfield></datafield><datafield ind1=" " ind2=" " tag="300"><subfield code="a">v.</subfield></datafield><datafield ind1=" " ind2=" " tag="310"><subfield code="a">Weekly,</subfield><subfield code="b">1881-1946</subfield></datafield><datafield ind1=" " ind2=" " tag="530"><subfield code="a">Available on microfilm from: State Archives, South Dakota State Historical Society.</subfield></datafield><datafield ind1=" " ind2=" " tag="580"><subfield code="a">Other edition available: The Madison daily leader, 1890-</subfield></datafield><datafield ind1=" " ind2=" " tag="580"><subfield code="a">Continues: The Madison daily sentinel (Madison, S.D.: Rural).</subfield></datafield><datafield ind1=" " ind2=" " tag="588"><subfield code="a">Description based on: Vol. 3, no. 32 (Jan. 1, 1881).</subfield></datafield><datafield ind1=" " ind2="0" tag="651"><subfield code="a">Dakota Territory</subfield><subfield code="v">Newspapers.</subfield></datafield><datafield ind1=" " ind2="0" tag="651"><subfield code="a">Madison (S.D.)</subfield><subfield code="v">Newspapers.</subfield></datafield><datafield ind1=" " ind2="0" tag="651"><subfield code="a">Lake County (S.D.)</subfield><subfield code="v">Newspapers.</subfield></datafield><datafield ind1=" " ind2="7" tag="655"><subfield code="a">Newspapers.</subfield><subfield code="2">fast</subfield><subfield code="0">(OCoLC)fst01423814</subfield></datafield><datafield ind1=" " ind2="7" tag="651"><subfield code="a">South Dakota</subfield><subfield code="z">Lake County.</subfield><subfield code="2">fast</subfield><subfield code="0">(OCoLC)fst01215598</subfield></datafield><datafield ind1=" " ind2="7" tag="651"><subfield code="a">South Dakota</subfield><subfield code="z">Madison.</subfield><subfield code="2">fast</subfield><subfield code="0">(OCoLC)fst01228905</subfield></datafield><datafield ind1=" " ind2="7" tag="651"><subfield code="a">United States</subfield><subfield code="z">Dakota Territory.</subfield><subfield code="2">fast</subfield><subfield code="0">(OCoLC)fst01228148</subfield></datafield><datafield ind1=" " ind2=" " tag="752"><subfield code="a">United States</subfield><subfield code="b">South Dakota</subfield><subfield code="c">Lake</subfield><subfield code="d">Madison.</subfield></datafield><datafield ind1="0" ind2=" " tag="775"><subfield code="t">Madison daily leader</subfield><subfield code="w">(DLC)sn 99062034</subfield></datafield><datafield ind1="0" ind2="0" tag="780"><subfield code="t">Madison daily sentinel and Winfred dispatch (Madison, S.D.: Rural)</subfield><subfield code="w">(DLC)sn2001063183</subfield></datafield></record>